@book{oxford_dict,
    author      = "Angus Stevenson",
    title       = "Oxford Dictionary of English",
    year        = "2017",
    publisher   = "Oxford University Press",
    address     = "Oxford, United Kingdom",
    doi         = "10.1093/acref/9780199571123.001.0001",
    edition     = "3.",
    url         = "https://en.oxforddictionaries.com/"
}

@inproceedings{appel,
  author    = {Arthur Appel},
  title     = {Some techniques for shading machine renderings of solids},
  booktitle = {American Federation of Information Processing Societies: {AFIPS} Conference
               Proceedings: 1968 Spring Joint Computer Conference, Atlantic City,
               NJ, USA, 30 April - 2 May 1968},
  pages     = {37--45},
  year      = {1968},
  url       = {http://doi.acm.org/10.1145/1468075.1468082},
  doi       = {10.1145/1468075.1468082},
  biburl    = {http://dblp.dagstuhl.de/rec/bib/conf/afips/Appel68},
  bibsource = {dblp computer science bibliography, http://dblp.org}
}
